
@misc{
	intendedpurposes,
	author = {The Wireshark Contributors},
	title = {Wireshark - Intended purposes},
	note = {Zuletzt besucht: 16. Mai 2023, Quelle: \href{https://www.wireshark.org/docs/wsug_html_chunked/ChapterIntroduction.html#ChIntroPurposes}{https://www.wireshark.org/docs}
}

@misc{
	features,
	author = {The Wireshark Contributors},
	title = {Wireshark - Features},
	note = {Zuletzt besucht: 15. Juni 2023, Quelle: \href{https://www.wireshark.org/docs/wsug_html_chunked/ChapterIntroduction.html#ChIntroFeatures}{https://www.wireshark.org/docs}
}

@misc{
	schweizer-taschenmesser,
	author = {Johannes Weber},
	title = {Mit Wireshark die Last von NTP-Servern messen},
	note = {Zuletzt besucht: 31. Oktober 2023, Quelle: \href{https://www.heise.de/hintergrund/Mit-Wireshark-die-Last-von-NTP-Servern-messen-4416283.html}{https://www.heise.de/hintergrund/Mit-Wireshark-die-Last-von-NTP-Servern-messen-4416283.html}}
}